@article{SeedSampling,
  author    = {Maria Dimakopoulou and
               Benjamin Van Roy},
  title     = {Coordinated Exploration in Concurrent Reinforcement Learning},
  journal   = {CoRR},
  volume    = {abs/1802.01282},
  year      = {2018},
  url       = {http://arxiv.org/abs/1802.01282},
  archivePrefix = {arXiv},
  eprint    = {1802.01282},
  timestamp = {Mon, 13 Aug 2018 16:49:13 +0200},
  biburl    = {https://dblp.org/rec/bib/journals/corr/abs-1802-01282},
  bibsource = {dblp computer science bibliography, https://dblp.org}
}

@inproceedings{Strens2000,
 author = {Strens, Malcolm J. A.},
 title = {A Bayesian Framework for Reinforcement Learning},
 booktitle = {Proceedings of the Seventeenth International Conference on Machine Learning},
 series = {ICML '00},
 year = {2000},
 isbn = {1-55860-707-2},
 pages = {943--950},
 numpages = {8},
 url = {http://dl.acm.org.stanford.idm.oclc.org/citation.cfm?id=645529.658114},
 acmid = {658114},
 publisher = {Morgan Kaufmann Publishers Inc.},
 address = {San Francisco, CA, USA}
} 


@incollection{UCB2010,
title = {Near-optimal Regret Bounds for Reinforcement Learning},
author = {Peter Auer and Thomas Jaksch and Ronald Ortner},
booktitle = {Advances in Neural Information Processing Systems 21},
editor = {D. Koller and D. Schuurmans and Y. Bengio and L. Bottou},
pages = {89--96},
year = {2009},
publisher = {Curran Associates, Inc.},
url = {http://papers.nips.cc/paper/3401-near-optimal-regret-bounds-for-reinforcement-learning.pdf}
}

@article{SCALSS,
  author    = {Maria Dimakopoulou and
               Ian Osband and
               Benjamin Van Roy},
  title     = {Scalable Coordinated Exploration in Concurrent Reinforcement Learning},
  journal   = {CoRR},
  volume    = {abs/1805.08948},
  year      = {2018},
  url       = {http://arxiv.org/abs/1805.08948},
  archivePrefix = {arXiv},
  eprint    = {1805.08948},
  timestamp = {Mon, 13 Aug 2018 16:46:38 +0200},
  biburl    = {https://dblp.org/rec/bib/journals/corr/abs-1805-08948},
  bibsource = {dblp computer science bibliography, https://dblp.org}
}

@misc{1503.02531,
Author = {Geoffrey Hinton and Oriol Vinyals and Jeff Dean},
Title = {Distilling the Knowledge in a Neural Network},
Year = {2015},
Eprint = {arXiv:1503.02531},
}

@article{zur2009noise,
  title={Noise injection for training artificial neural networks: A comparison with weight decay and early stopping},
  author={Zur, Richard M and Jiang, Yulei and Pesce, Lorenzo L and Drukker, Karen},
  journal={Medical physics},
  volume={36},
  number={10},
  pages={4810--4818},
  year={2009},
  publisher={Wiley Online Library}
}